@INPROCEEDINGS{polydiv,
  author={Smyrnis, Georgios and Maragos, Petros and Retsinas, George},
  booktitle={ICASSP 2020 - 2020 IEEE International Conference on Acoustics, Speech and Signal Processing (ICASSP)}, 
  title={Maxpolynomial Division with Application To Neural Network Simplification}, 
  year={2020},
  volume={},
  number={},
  pages={4192-4196},
  doi={10.1109/ICASSP40776.2020.9053540}}

@inproceedings{tropzonotope,
title={Neural Network Approximation based on Hausdorff distance of Tropical Zonotopes},
author={Panagiotis Misiakos and Georgios Smyrnis and George Retsinas and Petros Maragos},
booktitle={International Conference on Learning Representations},
year={2022},
url={https://openreview.net/forum?id=oiZJwC_fyS}
}

@ARTICLE{tropML,
  author={Maragos, Petros and Charisopoulos, Vasileios and Theodosis, Emmanouil},
  journal={Proceedings of the IEEE}, 
  title={Tropical Geometry and Machine Learning}, 
  year={2021},
  volume={109},
  number={5},
  pages={728-755},
  doi={10.1109/JPROC.2021.3065238}}

@inproceedings{SAS21,
  author    = {Eric Goubault and
               S{\'{e}}bastien Palumby and
               Sylvie Putot and
               Louis Rustenholz and
               Sriram Sankaranarayanan},
  title     = {Static Analysis of ReLU Neural Networks with Tropical Polyhedra},
  booktitle = {Static Analysis - 28th International Symposium, {SAS} 2021, Chicago,
               IL, USA, October 17-19, 2021, Proceedings},
  pages     = {166--190},
  year      = {2021},
  url       = {https://doi.org/10.1007/978-3-030-88806-0\_8},
  doi       = {10.1007/978-3-030-88806-0\_8},
  timestamp = {Wed, 03 Nov 2021 08:28:28 +0100},
  biburl    = {https://dblp.org/rec/conf/sas/GoubaultPPRS21.bib},
  bibsource = {dblp computer science bibliography, https://dblp.org}
}

@article{tropdeep,
  author    = {Liwen Zhang and
               Gregory Naitzat and
               Lek{-}Heng Lim},
  title     = {Tropical Geometry of Deep Neural Networks},
  journal   = {CoRR},
  volume    = {abs/1805.07091},
  year      = {2018}
}

@InProceedings{SMTtrop,
  author =	{Mufid, Muhammad Syifa'ul and Micheli, Andrea and Abate, Alessandro and Cimatti, Alessandro},
  title =	{{SMT-Based Model Checking of Max-Plus Linear Systems}},
  booktitle =	{32nd International Conference on Concurrency Theory (CONCUR 2021)},
  pages =	{22:1--22:20},
  series =	{Leibniz International Proceedings in Informatics (LIPIcs)},
  ISBN =	{978-3-95977-203-7},
  ISSN =	{1868-8969},
  year =	{2021},
  volume =	{203},
  editor =	{Haddad, Serge and Varacca, Daniele},
  publisher =	{Schloss Dagstuhl -- Leibniz-Zentrum f{\"u}r Informatik},
  address =	{Dagstuhl, Germany},
  URL =		{https://drops.dagstuhl.de/opus/volltexte/2021/14399},
  URN =		{urn:nbn:de:0030-drops-143993},
  doi =		{10.4230/LIPIcs.CONCUR.2021.22},
  annote =	{Keywords: Max-Plus Linear Systems, Satisfiability Modulo Theory, Model Checking, Linear Temporal Logic}
}

@article{tropF5,
  author    = {Tristan Vaccon and
               Kazuhiro Yokoyama},
  title     = {A Tropical {F5} algorithm},
  journal   = {CoRR},
  volume    = {abs/1705.05571},
  year      = {2017}
}

@article{thesisXA,
  author    = {Xavier Allamigeon},
  title     = {Introduction to tropical convexity},
  journal   = {Static analysis of memory manipulations by abstract interpretation},
  volume    = {},
  pages={25-42},
  year      = {2009}
}